<?xml version="1.0" encoding="UTF-8"?><record xmlns="http://www.loc.gov/MARC21/slim" xmlns:cinclude="http://apache.org/cocoon/include/1.0" xmlns:zs="http://www.loc.gov/zing/srw/">
  <leader>01017cz  a2200217n  4500</leader>
  <controlfield tag="001">n  88278712 </controlfield>
  <controlfield tag="003">DLC</controlfield>
  <controlfield tag="005">20100517075442.0</controlfield>
  <controlfield tag="008">890410n| acannaabn          |a ana      </controlfield>
  <datafield tag="010" ind1=" " ind2=" ">
    <subfield code="a">n  88278712 </subfield>
  </datafield>
  <datafield tag="034" ind1=" " ind2=" ">
    <subfield code="d">E0061800</subfield>
    <subfield code="e">E0061800</subfield>
    <subfield code="f">N0514400</subfield>
    <subfield code="g">N0514400</subfield>
    <subfield code="2">other</subfield>
  </datafield>
  <datafield tag="035" ind1=" " ind2=" ">
    <subfield code="a">(OCoLC)oca02498606</subfield>
  </datafield>
  <datafield tag="040" ind1=" " ind2=" ">
    <subfield code="a">DLC</subfield>
    <subfield code="b">eng</subfield>
    <subfield code="c">DLC</subfield>
    <subfield code="d">DLC</subfield>
    <subfield code="d">OCoLC</subfield>
  </datafield>
  <datafield tag="043" ind1=" " ind2=" ">
    <subfield code="a">e-gx---</subfield>
  </datafield>
  <datafield tag="151" ind1=" " ind2=" ">
    <subfield code="a">Kalkar (Düsseldorf, Germany)</subfield>
  </datafield>
  <datafield tag="451" ind1=" " ind2=" ">
    <subfield code="a">Calcar (Düsseldorf, Germany)</subfield>
  </datafield>
  <datafield tag="670" ind1=" " ind2=" ">
    <subfield code="a">Behördlicher Stadtplan Kalkar, 1:20 000, 1988.</subfield>
  </datafield>
  <datafield tag="670" ind1=" " ind2=" ">
    <subfield code="a">BGN 3/2/89</subfield>
    <subfield code="b">(Kalkar, ppl, 51°44ʹN, 6°18ʹE; variant: Calcar; [located in Regierungsbezirk Düsseldorf, Nordrhein Westfalen; cites 1 other in Regierungsbezirk Köln, Nordrhein Westfalen])</subfield>
  </datafield>
  <datafield tag="670" ind1=" " ind2=" ">
    <subfield code="a">Deut. Bundes-Adressb., 1991/92</subfield>
    <subfield code="b">(under Nordrhein-Westfalen: Kalkar, Kr. Kleve; lists only one Kalkar in Nordrhein-Westfalen)</subfield>
  </datafield>
  <datafield tag="670" ind1=" " ind2=" ">
    <subfield code="a">Müllers</subfield>
    <subfield code="b">(Kalkar, Kr. Kleve, Reg. Bez. Düsseldorf; no other Kalkar in North-Rhine Westphalia listed)</subfield>
  </datafield>
  <datafield tag="781" ind1=" " ind2="0">
    <subfield code="z">Germany</subfield>
    <subfield code="z">Kalkar (Düsseldorf)</subfield>
  </datafield>
</record>